<?xml version="1.0" encoding="UTF-8"?><collection xmlns="http://www.loc.gov/MARC21/slim"><record><leader>00403nam--2200133-i-4500</leader><controlfield tag="001">000033726</controlfield><controlfield tag="002">20161230</controlfield><controlfield tag="005">20161230201039</controlfield><controlfield tag="008">060222s1000------------r-----000-0-eng-d</controlfield><datafield ind1=" " ind2=" " tag="080"><subfield code="a">001.891</subfield></datafield><datafield ind1=" " ind2=" " tag="100"><subfield code="a">Negru, Radu</subfield></datafield><datafield ind1=" " ind2=" " tag="245"><subfield code="a">Tendinte actuale in politica dezvoltarii cercetarii stiintifice in principalele tari industriale</subfield></datafield><datafield ind1=" " ind2=" " tag="260"><subfield code="a">Bucuresti, Inst.Central De Doc.Tehnica, 1970. 112p</subfield></datafield><datafield ind1=" " ind2=" " tag="852"><subfield code="a">33207</subfield></datafield></record></collection>